@inproceedings{LM71,
  author    = {Seymour Lipschutz and Charles F. Miller III},
  title     = {Groups with Certain Solvable
and Unsolvable Decision Problems},
  booktitle = {Communications on Pure and Applied
Mathematics, XXIV},
  pages     = {7-15},
  year      = {1971}
}


@book{bach1984discrete,
  title={Discrete Logarithms and Factoring},
  author={Bach, Eric},
  year={1984},
  publisher={Computer Science Division, University of California Berkeley},
  note = {available at \url{https://www2.eecs.berkeley.edu/Pubs/TechRpts/1984/CSD-84-186.pdf}}
}


@inproceedings{DBLP:conf/stoc/BabaiFLS91,
  author    = {L{\'{a}}szl{\'{o}} Babai and
               Lance Fortnow and
               Leonid A. Levin and
               Mario Szegedy},
  title     = {Checking Computations in Polylogarithmic Time},
  booktitle = {{STOC}},
  pages     = {21--31},
  publisher = {{ACM}},
  year      = {1991}
}

@article{DBLP:journals/jacm/Shamir92,
  author    = {Adi Shamir},
  title     = {{IP} = {PSPACE}},
  journal   = {J. {ACM}},
  volume    = {39},
  number    = {4},
  pages     = {869--877},
  year      = {1992}
}

@inproceedings{DBLP:conf/ccs/CramerS99,
  author    = {Ronald Cramer and
               Victor Shoup},
  title     = {Signature Schemes Based on the Strong {RSA} Assumption},
  booktitle = {{ACM} Conference on Computer and Communications Security},
  pages     = {46--51},
  publisher = {{ACM}},
  year      = {1999}
}

@inproceedings{buchmann2001survey,
  title={A Survey on {IQ} Cryptography},
  author={Buchmann, Johannes and Hamdy, Safuat},
  booktitle={Public-Key Cryptography and Computational Number Theory},
  pages={1--15},
  year={2001}
}

@inproceedings{DBLP:conf/crypto/CamenischL02,
  author    = {Jan Camenisch and
               Anna Lysyanskaya},
  title     = {Dynamic Accumulators and Application to Efficient Revocation of Anonymous
               Credentials},
  booktitle = {{CRYPTO}},
  series    = {Lecture Notes in Computer Science},
  volume    = {2442},
  pages     = {61--76},
  publisher = {Springer},
  year      = {2002}
}

@inproceedings{DBLP:conf/eurocrypt/DamgardK02,
  author    = {Ivan Damg{\aa}rd and
               Maciej Koprowski},
  title     = {Generic Lower Bounds for Root Extraction and Signature Schemes in
               General Groups},
  booktitle = {{EUROCRYPT}},
  series    = {Lecture Notes in Computer Science},
  volume    = {2332},
  pages     = {256--271},
  publisher = {Springer},
  year      = {2002}
}

@inproceedings{DBLP:conf/tcc/Rivest04,
  author    = {Ronald L. Rivest},
  title     = {On the Notion of Pseudo-Free Groups},
  booktitle = {{TCC}},
  series    = {Lecture Notes in Computer Science},
  volume    = {2951},
  pages     = {505--521},
  publisher = {Springer},
  year      = {2004}
}

@inproceedings{DBLP:conf/eurocrypt/Micciancio05,
  author    = {Daniele Micciancio},
  title     = {The {RSA} Group is Pseudo-Free},
  booktitle = {{EUROCRYPT}},
  series    = {Lecture Notes in Computer Science},
  volume    = {3494},
  pages     = {387--403},
  publisher = {Springer},
  year      = {2005}
}

@inproceedings{DBLP:conf/sigmod/LiHKR06,
  author    = {Feifei Li and
               Marios Hadjieleftheriou and
               George Kollios and
               Leonid Reyzin},
  title     = {Dynamic authenticated index structures for outsourced databases},
  booktitle = {{SIGMOD} Conference},
  pages     = {121--132},
  publisher = {{ACM}},
  year      = {2006}
}

@inproceedings{DBLP:conf/eurocrypt/AggarwalM09,
  author    = {Divesh Aggarwal and
               Ueli M. Maurer},
  title     = {Breaking {RSA} Generically Is Equivalent to Factoring},
  booktitle = {{EUROCRYPT}},
  series    = {Lecture Notes in Computer Science},
  volume    = {5479},
  pages     = {36--53},
  publisher = {Springer},
  year      = {2009}
}

@article{DBLP:journals/ijisec/HasegawaIST09,
  author    = {Shingo Hasegawa and
               Shuji Isobe and
               Hiroki Shizuya and
               Katsuhiro Tashiro},
  title     = {On the Pseudo-freeness and the {CDH} Assumption},
  journal   = {Int. J. Inf. Sec.},
  volume    = {8},
  number    = {5},
  pages     = {347--355},
  year      = {2009},
  url       = {https://doi.org/10.1007/s10207-009-0087-0},
  doi       = {10.1007/s10207-009-0087-0},
  timestamp = {Sat, 27 May 2017 14:25:24 +0200},
  biburl    = {https://dblp.org/rec/bib/journals/ijisec/HasegawaIST09},
  bibsource = {dblp computer science bibliography, https://dblp.org}
}

@inproceedings{DBLP:conf/asiacrypt/Groth10,
  author    = {Jens Groth},
  title     = {Short Pairing-Based Non-interactive Zero-Knowledge Arguments},
  booktitle = {{ASIACRYPT}},
  series    = {Lecture Notes in Computer Science},
  volume    = {6477},
  pages     = {321--340},
  publisher = {Springer},
  year      = {2010}
}

@inproceedings{DBLP:conf/asiacrypt/Groth11,
  author    = {Jens Groth},
  title     = {Efficient Zero-Knowledge Arguments from Two-Tiered Homomorphic Commitments},
  booktitle = {{ASIACRYPT}},
  series    = {Lecture Notes in Computer Science},
  volume    = {7073},
  pages     = {431--448},
  publisher = {Springer},
  year      = {2011}
}

@inproceedings{aggarwal2011equivalence,
  title={The equivalence of Strong {RSA} and Factoring in the Generic Ring Model of Computation},
  author={Aggarwal, Divesh and Maurer, Ueli and Shparlinski, Igor},
  note = {available at \url{https://hal.inria.fr/inria-00607256/document}},
  year={2011}
}

@inproceedings{DBLP:conf/sp/ParnoHG013,
  author    = {Bryan Parno and
               Jon Howell and
               Craig Gentry and
               Mariana Raykova},
  title     = {Pinocchio: Nearly Practical Verifiable Computation},
  booktitle = {{IEEE} Symposium on Security and Privacy},
  pages     = {238--252},
  publisher = {{IEEE} Computer Society},
  year      = {2013}
}

@article{DBLP:journals/joc/JagerS13,
  author    = {Tibor Jager and
               J{\"{o}}rg Schwenk},
  title     = {On the Analysis of Cryptographic Assumptions in the Generic Ring Model},
  journal   = {J. Cryptology},
  volume    = {26},
  number    = {2},
  pages     = {225--245},
  year      = {2013}
}

@inproceedings{DBLP:conf/crypto/Ben-SassonCGTV13,
  author    = {Eli Ben{-}Sasson and
               Alessandro Chiesa and
               Daniel Genkin and
               Eran Tromer and
               Madars Virza},
  title     = {SNARKs for {C:} Verifying Program Executions Succinctly and in Zero
               Knowledge},
  booktitle = {{CRYPTO} {(2)}},
  series    = {Lecture Notes in Computer Science},
  volume    = {8043},
  pages     = {90--108},
  publisher = {Springer},
  year      = {2013}
}

@article{DBLP:journals/algorithmica/Ben-SassonCTV17,
  author    = {Eli Ben{-}Sasson and
               Alessandro Chiesa and
               Eran Tromer and
               Madars Virza},
  title     = {Scalable Zero Knowledge Via Cycles of Elliptic Curves},
  journal   = {Algorithmica},
  volume    = {79},
  number    = {4},
  pages     = {1102--1160},
  year      = {2017}
}

@inproceedings{DBLP:conf/ccs/ZhangKP15,
  author    = {Yupeng Zhang and
               Jonathan Katz and
               Charalampos Papamanthou},
  title     = {IntegriDB: Verifiable {SQL} for Outsourced Databases},
  booktitle = {{ACM} Conference on Computer and Communications Security},
  pages     = {1480--1491},
  publisher = {{ACM}},
  year      = {2015}
}

@inproceedings{DBLP:conf/eurocrypt/Groth16,
  author    = {Jens Groth},
  title     = {On the Size of Pairing-Based Non-interactive Arguments},
  booktitle = {{EUROCRYPT} {(2)}},
  series    = {Lecture Notes in Computer Science},
  volume    = {9666},
  pages     = {305--326},
  publisher = {Springer},
  year      = {2016}
}

@inproceedings{DBLP:conf/tcc/Ben-SassonCS16,
  author    = {Eli Ben{-}Sasson and
               Alessandro Chiesa and
               Nicholas Spooner},
  title     = {Interactive Oracle Proofs},
  booktitle = {{TCC} {(B2)}},
  series    = {Lecture Notes in Computer Science},
  volume    = {9986},
  pages     = {31--60},
  year      = {2016}
}

@inproceedings{DBLP:conf/stoc/ReingoldRR16,
  author    = {Omer Reingold and
               Guy N. Rothblum and
               Ron D. Rothblum},
  title     = {Constant-round Interactive Proofs for Delegating Computation},
  booktitle = {{STOC}},
  pages     = {49--62},
  publisher = {{ACM}},
  year      = {2016}
}

@inproceedings{DBLP:conf/eurocrypt/Ben-SassonBCGGH17,
  author    = {Eli Ben{-}Sasson and
               Iddo Bentov and
               Alessandro Chiesa and
               Ariel Gabizon and
               Daniel Genkin and
               Matan Hamilis and
               Evgenya Pergament and
               Michael Riabzev and
               Mark Silberstein and
               Eran Tromer and
               Madars Virza},
  title     = {Computational Integrity with a Public Random String from Quasi-Linear               PCPs},
  booktitle = {{EUROCRYPT} {(3)}},
  series    = {Lecture Notes in Computer Science},
  volume    = {10212},
  pages     = {551--579},
  year      = {2017}
}

@inproceedings{DBLP:conf/sp/ZhangGKPP17,
  author    = {Yupeng Zhang and
               Daniel Genkin and
               Jonathan Katz and
               Dimitrios Papadopoulos and
               Charalampos Papamanthou},
  title     = {{vSQL}: Verifying Arbitrary {SQL} Queries over Dynamic Outsourced Databases},
  booktitle = {{IEEE} Symposium on Security and Privacy},
  pages     = {863--880},
  publisher = {{IEEE} Computer Society},
  year      = {2017}
}

@article{DBLP:journals/iacr/ZhangGKPP17a,
  author    = {Yupeng Zhang and
               Daniel Genkin and
               Jonathan Katz and
               Dimitrios Papadopoulos and
               Charalampos Papamanthou},
  title     = {A Zero-Knowledge Version of {vSQL}},
  journal   = {{IACR} Cryptology ePrint Archive},
  volume    = {2017},
  pages     = {1146},
  year      = {2017}
}

@inproceedings{DBLP:conf/ccs/AmesHIV17,
  author    = {Scott Ames and
               Carmit Hazay and
               Yuval Ishai and
               Muthuramakrishnan Venkitasubramaniam},
  title     = {Ligero: Lightweight Sublinear Arguments Without a Trusted Setup},
  booktitle = {{ACM} Conference on Computer and Communications Security},
  pages     = {2087--2104},
  publisher = {{ACM}},
  year      = {2017}
}

@inproceedings{DBLP:conf/ccs/ChaseDGORRSZ17,
  author    = {Melissa Chase and
               David Derler and
               Steven Goldfeder and
               Claudio Orlandi and
               Sebastian Ramacher and
               Christian Rechberger and
               Daniel Slamanig and
               Greg Zaverucha},
  title     = {Post-Quantum Zero-Knowledge and Signatures from Symmetric-Key Primitives},
  booktitle = {{ACM} Conference on Computer and Communications Security},
  pages     = {1825--1842},
  publisher = {{ACM}},
  year      = {2017}
}

@misc{cryptoeprint:2017:1050,
    author = {Sean Bowe and Ariel Gabizon and Ian Miers},
    title = {Scalable Multi-party Computation for {zk-SNARK} Parameters in the Random Beacon Model},
    howpublished = {Cryptology ePrint Archive, Report 2017/1050},
    year = {2017},
    note = {\url{https://eprint.iacr.org/2017/1050}},
}
@inproceedings{DBLP:conf/sp/WahbyTSTW18,
  author    = {Riad S. Wahby and
               Ioanna Tzialla and
               Abhi Shelat and
               Justin Thaler and
               Michael Walfish},
  title     = {Doubly-Efficient {zkSNARKs} Without Trusted Setup},
  booktitle = {{IEEE} Symposium on Security and Privacy},
  pages     = {926--943},
  publisher = {{IEEE}},
  year      = {2018}
}

@inproceedings{DBLP:conf/eurocrypt/Wesolowski19,
  author    = {Benjamin Wesolowski},
  title     = {Efficient Verifiable Delay Functions},
  booktitle = {{EUROCRYPT} {(3)}},
  series    = {Lecture Notes in Computer Science},
  volume    = {11478},
  pages     = {379--407},
  publisher = {Springer},
  year      = {2019}
}

@misc{libsnark,
   title= {SCIPR Lab. libsnark: a C++ library for zkSNARK proofs. },
   note = {\url{https://github.com/scipr-lab/libsnark}},
   year=2018
}



@misc{zokrates,
   title= {{ZoKrates}: toolbox for {zkSNARKs} on {Ethereum}.},
   note = {\url{https://github.com/Zokrates/ZoKrates}},
   year=2018
}

@misc{dalek,
   title= {dalek-cryptography: Bulletproofs },
   note = {\url{https://github.com/dalek-cryptography/bulletproofs}},
   year=2018
}

@misc{bellman,
   title= {bellman: a ZK library. },
   note = {\url{https://github.com/zkcrypto/bellman}},
   year=2018
}


@misc{zkbplus,
   title= {Generalized {ZKB++}},
   note = {\url{https://github.com/IAIK/gzkbpp}},
   year=2018
}


@misc{monero,
   title= {{Monero}  Becomes Bulletproof},
   note = {\url{https://medium.com/digitalassetresearch/monero-becomes-bulletproof-f98c6408babf}},
   year=2018
}

@misc{zcash,
   title= {{ZCash} protocol specification},
   note = {\url{https://github.com/zcash/zips/blob/master/protocol/protocol.pdf}},
   year=2018
}

@misc{nist,
   title= {{NIST}: Post-Quantum Cryptography Standardization},
   note = {\url{https://csrc.nist.gov/Projects/Post-Quantum-Cryptography/Post-Quantum-Cryptography-Standardization}},
   year=2018
}


@inproceedings{DBLP:conf/sp/BunzBBPWM18,
  author    = {Benedikt B{\"{u}}nz and
               Jonathan Bootle and
               Dan Boneh and
               Andrew Poelstra and
               Pieter Wuille and
               Greg Maxwell},
  title     = {Bulletproofs: Short Proofs for Confidential Transactions and More},
  booktitle = {{IEEE} Symposium on Security and Privacy},
  pages     = {315--334},
  publisher = {{IEEE}},
  year      = {2018}
}

@inproceedings{DBLP:conf/crypto/BonehBBF18,
  author    = {Dan Boneh and
               Joseph Bonneau and
               Benedikt B{\"{u}}nz and
               Ben Fisch},
  title     = {Verifiable Delay Functions},
  booktitle = {{CRYPTO} {(1)}},
  series    = {Lecture Notes in Computer Science},
  volume    = {10991},
  pages     = {757--788},
  publisher = {Springer},
  year      = {2018}
}

@article{DBLP:journals/iacr/Ben-SassonBHR18,
  author    = {Eli Ben{-}Sasson and
               Iddo Bentov and
               Yinon Horesh and
               Michael Riabzev},
  title     = {Scalable, Transparent, and Post-quantum Secure Computational Integrity},
  journal   = {{IACR} Cryptology ePrint Archive},
  volume    = {2018},
  pages     = {46},
  year      = {2018}
}

@article{DBLP:journals/iacr/Ben-SassonCRSVW18,
  author    = {Eli Ben{-}Sasson and
               Alessandro Chiesa and
               Michael Riabzev and
               Nicholas Spooner and
               Madars Virza and
               Nicholas P. Ward},
  title     = {Aurora: Transparent Succinct Arguments for {R1CS}},
  journal   = {{IACR} Cryptology ePrint Archive},
  volume    = {2018},
  pages     = {828},
  year      = {2018}
}

@misc{cryptoeprint:2019:1229,
    author = {Benedikt Bunz and Ben Fisch and Alan Szepieniec},
    title = {Transparent {SNARKs} from {DARK} Compilers},
    howpublished = {Cryptology ePrint Archive, Report 2019/1229},
    year = {2019},
    note = {\url{https://eprint.iacr.org/2019/1229}},
}